
@article{bell2015skeuomorphism ,
    author = {A. Bell and E. Hein and J. Ratcliffe},
    title = {Beyond Skeuomorphism: The Evolution of Music Production Software User Interface Metaphors},
    journaltitle =  {Journal on the Art of Record Production},
    date = {2015},
    year={2015}
}
@misc{letzlibaudiostream,
    title={The LibAudioStream library},
    author={Letz, S and others},
    date={2012},
    year={2012}
}
@misc{seebach2001cranky,
	title={The cranky user: The Principle of Least Astonishment},
	author={Seebach, Peter},
	year={2001},
	publisher={Agosto de}
}
@book{siek2001boost,
	title={The Boost Graph Library: User Guide and Reference Manual, Portable Documents},
	author={Siek, Jeremy G and Lee, Lie-Quan and Lumsdaine, Andrew},
	year={2001},
	publisher={Pearson Education}
}
@article{mollenkampparadigms,
    title={Paradigms of Music Software Development},
    author={M{\"o}llenkamp, Andreas}
}
@inproceedings{rosselet2013jam,
    title={Jam On: a new interface for web-based collective music performance.},
    author={Rosselet, Ulysse and Renaud, Alain},
    booktitle={NIME},
    pages={394--399},
    year={2013}
}
@inproceedings{berthaut2010drile,
    title={Drile: an immersive environment for hierarchical live-looping},
    author={Berthaut, Florent and Desainte-Catherine, Myriam and Hachet, Martin},
    booktitle={New Interface for Musical Expression},
    pages={page--192},
    year={2010}
}

@inproceedings{place2010jamoma,
    title={The jamoma audio graph layer},
    author={Place, Timothy and Lossius, Trond and Peters, Nils}
    booktitle={Proceedings of the 13th International Conference on Digital Audio Effects}
}

@book{bullock2011integra,
title={The integra framework for rapid modular audio application development},
author={Bullock, Jamie and Frisk, Henrik},
year={2011},
publisher={Ann Arbor, MI: Michigan Publishing, University of Michigan Library}
}

